@article{Wachs:2011:VHA:1897816.1897838,
 author = {Wachs, Juan Pablo and K\"{o}lsch, Mathias and Stern, Helman and Edan, Yael},
 title = {Vision-based Hand-gesture Applications},
 journal = {Commun. ACM},
 issue_date = {February 2011},
 volume = {54},
 number = {2},
 month = feb,
 year = {2011},
 issn = {0001-0782},
 pages = {60--71},
 numpages = {12},
 url = {http://doi.acm.org/10.1145/1897816.1897838},
 doi = {10.1145/1897816.1897838},
 acmid = {1897838},
 publisher = {ACM},
 address = {New York, NY, USA},
} 
